<record><leader>00000cas a2200000 a 4500</leader><controlfield tag="001">12102058</controlfield><controlfield tag="008">850531d187u1879ksuwr ne      0    0eng d</controlfield><datafield ind1=" " ind2=" " tag="010"><subfield code="a">sn 85029246 </subfield></datafield><datafield ind1=" " ind2=" " tag="040"><subfield code="a">KSH</subfield><subfield code="b">eng</subfield><subfield code="c">KSH</subfield><subfield code="d">NPT</subfield><subfield code="d">NPX</subfield><subfield code="d">OCL</subfield><subfield code="d">OCLCQ</subfield></datafield><datafield ind1=" " ind2=" " tag="042"><subfield code="a">msc</subfield></datafield><datafield ind1="0" ind2=" " tag="130"><subfield code="a">Leavenworth appeal (Leavenworth, Kan. : Weekly)</subfield></datafield><datafield ind1="1" ind2="0" tag="245"><subfield code="a">Leavenworth appeal.</subfield></datafield><datafield ind1="1" ind2="3" tag="246"><subfield code="a">Leavenworth weekly appeal</subfield><subfield code="f">&lt;Dec. 29, 1877&gt;-Mar. 23, 1878</subfield></datafield><datafield ind1=" " ind2=" " tag="260"><subfield code="a">Leavenworth, Kan. :</subfield><subfield code="b">[Wm. W. Embry]</subfield></datafield><datafield ind1=" " ind2=" " tag="300"><subfield code="a">v. ;</subfield><subfield code="c">54-68 cm.</subfield></datafield><datafield ind1=" " ind2=" " tag="310"><subfield code="a">Weekly</subfield></datafield><datafield ind1="1" ind2=" " tag="362"><subfield code="a">Ceased in Sept. 1879?</subfield><subfield code="z">Cf. Gregory, W. Amer. newspapers.</subfield></datafield><datafield ind1=" " ind2=" " tag="500"><subfield code="a">Publisher's name recorded in Rowell, 1877.</subfield></datafield><datafield ind1=" " ind2=" " tag="500"><subfield code="a">Publishers: J. Edward Ewing, &lt;Apr. 13, 1878&gt;-June 27, 1879; Appeal Pub. Co., &lt;Sept. 8-22, 1879&gt;.</subfield></datafield><datafield ind1=" " ind2=" " tag="500"><subfield code="a">"Devoted to democracy and labor reform," &lt;Dec. 29, 1877-Feb. 2, 1878&gt;.</subfield></datafield><datafield ind1=" " ind2=" " tag="500"><subfield code="a">Editor: William W. Embry, &lt;1876&gt;.</subfield></datafield><datafield ind1=" " ind2=" " tag="580"><subfield code="a">Daily eds.: Leavenworth daily appeal; Leavenworth appeal (Leavenworth, Kan. : Daily).</subfield></datafield><datafield ind1=" " ind2=" " tag="588"><subfield code="a">Description based on: Vol. 5, no. 10 (Sept. 22, 1876).</subfield></datafield><datafield ind1=" " ind2=" " tag="752"><subfield code="a">United States</subfield><subfield code="b">Kansas</subfield><subfield code="c">Leavenworth</subfield><subfield code="d">Leavenworth.</subfield></datafield><datafield ind1="1" ind2=" " tag="775"><subfield code="t">Leavenworth daily appeal</subfield><subfield code="w">(DLC)sn 85029321</subfield></datafield><datafield ind1="1" ind2=" " tag="775"><subfield code="t">Leavenworth appeal (Leavenworth, Kan. : Daily)</subfield><subfield code="w">(DLC)sn 85029316</subfield></datafield><datafield ind1="0" ind2="7" tag="785"><subfield code="t">Kansas City tribune</subfield><subfield code="w">(DLC)sn 85032310</subfield></datafield><datafield ind1="0" ind2="7" tag="785"><subfield code="t">Appeal and tribune</subfield><subfield code="w">(DLC)sn 85029256</subfield></datafield></record>